@book{baltussen2003making,
  title={Making choices in health: WHO guide to cost-effectiveness analysis},
  author={Baltussen, Rob MP and Adam, Taghreed and Tan-Torres Edejer, Tessa and Hutubessy, Raymond CW and Acharya, Arnab and Evans, David B and Murray, Christopher JL and World Health Organization and others},
  year={2003},
  publisher={World Health Organization}
}

@article{bryant2001their,
  title={In their own words: a model of healthy aging},
  author={Bryant, Lucinda L and Corbett, Kitty K and Kutner, Jean S},
  journal={Social science \& medicine},
  volume={53},
  number={7},
  pages={927--941},
  year={2001},
  publisher={Elsevier}
}

@article{devleesschauwer2014quantifying,
  title={Quantifying burden of disease to support public health policy in Belgium: opportunities and constraints},
  author={Devleesschauwer, Brecht and Maertens de Noordhout, Charline and Smit, G Suzanne A and Duchateau, Luc and Dorny, Pierre and Stein, Claudia and Van Oyen, Herman and Speybroeck, Niko},
  journal={BMC public health},
  volume={14},
  number={1},
  pages={1196},
  year={2014},
  publisher={BioMed Central}
}

@article{jelenc2012joint,
  title={Joint action European partnership for action against cancer},
  author={Jelenc, Marjetka and Van Hoof, Elke and Albreht, Tit and Megli{\v{c}}, Matic and Seljak, Marija and Krnel, Sandra Rado{\v{s}}},
  journal={Archives of Public Health},
  volume={70},
  number={1},
  pages={24},
  year={2012},
  publisher={BioMed Central}
}

@article{marshall2004developing,
  title={Developing countries face double burden of disease},
  author={Marshall, Sarah Jane},
  journal={Bulletin of the World Health Organization},
  volume={82},
  pages={556--556},
  year={2004},
  publisher={SciELO Public Health}
}

@book{murray1996global,
  title={The global burden of disease: a comprehensive assessment of mortality and disability from diseases, injuries, and risk factors in 1990 and projected to 2020: summary},
  author={Murray, Christopher JL and Lopez, Alan D and World Health Organization and others},
  year={1996},
  publisher={World Health Organization}
}

@article{murray2000critical,
  title={A critical examination of summary measures of population health},
  author={Murray, Christopher JL and Salomon, Joshua A and Mathers, Colin},
  journal={Bulletin of the World Health Organization},
  volume={78},
  pages={981--994},
  year={2000},
  publisher={SciELO Public Health}
}

@article{robine2013joint,
  title={The joint action on healthy life years (JA: EHLEIS)},
  author={Robine, Jean-Marie and Cambois, Emmanuelle and Nusselder, Wilma and Jeune, Bernard and Van Oyen, Herman and Jagger, Carol and others},
  journal={Archives of Public Health},
  volume={71},
  number={1},
  pages={2},
  year={2013},
  publisher={Springer}
}
